2116 3728
880 94 1157 178 (542)

170 239 374 308 Affyrios
414 235 577 295 tendit,
623 234 727 285 ibid.
785 229 988 280 militum

170 310 308 375 ipsius
349 306 481 356 ardor
516 305 567 351 in
604 297 838 353 conflicitu,
879 301 987 347 181,

170 374 380 431 victoria,
408 372 512 420 ibid.
548 368 648 414 suos
685 365 709 412 ὲ
742 364 989 411 castrorum

170 437 515 505 oppugnatione
532 443 731 486 revocat,
764 434 870 493 183.
904 429 987 478 ho-

169 508 255 556 stes
290 505 346 553 ad
377 516 578 566 pugnam
614 508 848 560 provocat,
879 500 987 559 184.

166 588 286 635 erga,
320 570 428 616 deos
473 563 773 626 hominesque
818 573 987 624 gratus,

165 639 276 688 ibid.
318 634 463 681 hostes
499 630 599 679 vult
623 628 846 692 persequi,
876 632 987 677 188.

168 699 329 751 callide
344 699 597 762 Cyaxarem
610 695 736 751 fallit,
748 710 803 758 19
813 712 829 744 1
843 729 854 740 .
879 710 990 742 cum

168 766 418 831 Hyrcaniis
451 761 706 826 paciscitur,
753 776 857 825 195.
902 760 989 807 im-

167 831 309 899 pense
348 830 371 878 a
416 828 571 877 Medis
613 825 835 889 diligitur,
882 825 988 890 196,

169 919 201 950 2
210 917 283 964 31·
316 895 528 960 prodigio
545 892 854 948 confirmatur,
876 897 983 956 198.

169 962 436 1030 Hyrcanios
458 960 646 1024 excipit,
675 974 780 1024 199.
818 958 991 1005 iterum

171 1028 367 1081 vidtoria
402 1027 591 1091 potitur,
632 1043 740 1075 202.
776 1040 897 1071 arma
935 1022 992 1069 ab

169 1096 374 1147 hostibus
416 1093 568 1141 dedita
611 1090 803 1140 cremari
839 1087 993 1151 jubet,

172 1180 284 1227 204.
300 1172 350 1209 ut
367 1170 647 1208 commeatus
660 1155 859 1204 abundet
871 1154 993 1218 pros-

149 1230 305 1297 xpicit,
332 1241 439 1291 205.
474 1225 528 1273 ad
561 1223 903 1286 temperantiam
926 1220 994 1268 su-

172 1313 226 1345 os
248 1296 470 1348 hortatur,
495 1308 605 1346 207.
629 1288 895 1336 divisionem
917 1301 994 1348 pe-

171 1361 414 1410 cuniarum
436 1355 664 1419 permittit
682 1354 851 1410 Medis,
871 1352 995 1416 Hyr-

174 1427 317 1476 caniis
339 1442 390 1471 ac
406 1422 614 1486 Tigrani,
639 1420 739 1468 ibid.
771 1419 999 1467 Persicum

175 1493 450 1558 equitatum.
474 1501 611 1552 parat,
654 1505 764 1536 210.
816 1488 874 1539 ξεῖ
901 1487 997 1549 seq.

174 1559 380 1623 captivos
423 1557 612 1610 liberat,
666 1559 776 1603 218.
834 1552 999 1615 quibus

178 1623 542 1676 conditionibu8‚
577 1621 682 1666 ibid.
732 1635 825 1680 quo
868 1618 1001 1678 padio

182 1690 305 1737 fures
327 1685 647 1748 intercipiebat
668 1687 710 1729 δε
734 1682 997 1743 transfugas,

179 1773 289 1804 221.
326 1754 462 1800 alium
498 1750 753 1797 exercitum
790 1746 815 1793 ὲ
857 1745 999 1792 Ρο1Γ1ἂ

177 1819 363 1874 arcesfit‚
390 1833 498 1880 224.
536 1814 752 1862 nuntium
785 1810 999 1873 Cyaxaris

176 1886 429 1951 prudenter
466 1881 744 1944 adloquitur,
771 1894 880 1942 225.
918 1892 998 1924 cu-

150 1957 153 1961 ’
176 1965 247 2001 rat
267 1968 350 2015 per
372 1950 470 1998 suos
493 1945 550 1995 11ὲὶ
573 1944 706 1993 Medi
741 1944 888 2007 ipsum
921 1941 998 1988 de-

177 2019 340 2073 serant,
367 2033 475 2079 227.
512 2012 566 2060 ad
599 2012 853 2075 Cyaxarem
893 2007 998 2055 scri-

141 2134 144 2138 ,
177 2085 263 2140 bit,
306 2088 415 2132 228.
459 2080 516 2128 de
558 2077 712 2141 praedz‘t
753 2072 1000 2122 dividenda

178 2151 286 2213 agit,
304 2165 411 2212 230.
435 2161 575 2210 equos
593 2141 876 2206 Assyriorum
894 2139 1000 2187 Per-

181 2217 234 2264 sis
257 2226 380 2263 curat
400 2213 510 2268 dari,
532 2227 640 2273 233.
666 2208 786 2263 Diis,
806 2205 1001 2270 Cyaxari

180 2287 225 2329 &
267 2278 424 2328 Medis
461 2288 637 2341 partem
670 2272 836 2338 praedae
876 2282 1002 2320 curat

179 2348 291 2403 dari,
318 2361 426 2408 233,
448 2361 557 2407 240.
592 2342 819 2404 ingenuos
859 2338 906 2385 in
948 2337 1001 2384 li-

183 2414 410 2460 bertatem
429 2408 647 2463 vindicat,
666 2407 832 2469 eosque
849 2405 898 2451 in
917 2403 1001 2450 mi-

182 2479 320 2527 litum
347 2492 542 2525 numero
566 2473 715 2528 habet,
743 2487 849 2535 235.
899 2469 1000 2517 Go-

182 2545 311 2608 bryae
333 2543 591 2606 pollicetur,
611 2539 654 2585 se
675 2537 807 2600 ipsius
823 2536 904 2583 filii
922 2550 1001 2582 ne·

184 2627 290 2659 cem
311 2610 532 2663 ulturum,
558 2620 668 2668 239,
693 2602 803 2668 256.
841 2602 1002 2649 mulie-

175 2694 286 2724 ·rem
323 2673 504 2722 muficae
539 2671 747 2735 peritam,
782 2667 862 2730 ipsi
900 2683 1003 2730 quae

187 2742 334 2790 fuerat
358 2740 530 2795 seleita,
554 2736 704 2784 Modo
726 2733 904 2782 cuidam
925 2747 1002 2794 pe-

188 2807 308 2856 tenti
330 2806 483 2861 donat,
509 2821 617 2865 241.
651 2800 832 2863 Araspae
869 2797 1005 2846 tradit

187 2874 270 2922 ads
267 2870 506 2921 ervandam
518 2867 780 2921 Pantheam,
799 2869 842 2912 Sc
861 2862 1004 2911 taber·

187 2939 424 2992 naculum,
449 2953 557 2999 242.
594 2933 725 2996 ipsius
758 2943 922 2978 votum
956 2929 1006 2975 in

186 3005 380 3068 gratiam
413 3001 471 3048 de
502 3002 545 3048 se
579 2997 694 3047 bene
715 2997 1003 3050 meritorum,

191 3087 302 3135 352.
337 3067 390 3117 ad
415 3067 653 3130 Gobryam
692 3062 853 3119 tendit,
891 3076 1002 3124 253.

190 3137 242 3190 in
285 3136 414 3198 cujus
460 3131 687 3180 castellum
730 3126 1003 3189 ingreditur,

194 3218 306 3265 254.
329 3199 540 3263 pecunias
559 3196 640 3250 fibi
661 3194 685 3243 a
707 3190 903 3255 Gobryii
927 3192 1006 3238 ob-

194 3266 300 3314 latas
323 3267 421 3329 ejus
441 3263 546 3312 ffliae
568 3262 722 3317 donat,
760 3260 868 3323 256.
906 3256 1007 3304 Go-

195 3332 353 3394 bryam
396 3328 638 3378 convivam
687 3324 838 3379 habet,
895 3328 1004 3386 258.

194 3396 330 3462 quam
354 3393 612 3457 providem,
648 3392 758 3447 260,
783 3390 891 3437 261.
928 3389 1008 3435 Ba-

195 3459 489 3525 byloniorum
526 3459 636 3506 fines
673 3455 859 3511 invadit,
901 3452 1006 3501 266.

199 3529 257 3585 in.
290 3525 531 3589 Gobryam
568 3522 834 3579 liberalitas,
899 3518 1009 3583 267.

1124 225 1365 290 Gobryam
1407 222 1463 271 ad
1504 242 1658 290 regem
1700 221 1930 289 Assyrium

1119 293 1280 348 mittit,
1316 303 1368 338 ut
1406 291 1603 339 eundem
1640 291 1694 340 ad
1726 291 1934 341 duellum

1119 372 1357 424 provocet,
1371 358 1476 404 ibid.
1501 356 1720 405 Gadatam
1733 358 1934 405 amicum

1119 425 1200 475 fibi
1220 424 1342 479 facit,
1382 440 1490 486 270.
1528 422 1781 470 exercitum
1805 424 1934 470 suum

1122 489 1504 555 expeditiffimum
1525 488 1688 543 reddit,
1715 504 1771 550 27
1781 505 1822 552 5.
1852 488 1936 536 du·

1123 575 1198 607 ces
1215 562 1256 605 &
1274 554 1510 619 praescitos
1530 554 1754 602 exercitus
1771 554 1835 600 sui
1853 571 1935 601 no·

1123 623 1328 672 minatim
1343 621 1634 684 compellatos
1646 619 1940 682 instruit,274

1125 693 1183 743 ἑῇ
1195 691 1288 754 seq.
1319 687 1452 750 ipsius
1475 685 1687 734 industria
1708 684 1940 747 singularis

1120 756 1171 803 in
1198 756 1425 803 n0&urno
1448 753 1629 809 itinere,
1656 757 1764 800 281.
1790 749 1940 798 Gada-

1121 833 1182 869 tae
1218 821 1438 884 suppetias
1470 819 1572 876 fert,
1615 823 1722 881 284.
1759 815 1808 862 in
1837 816 1939 862 suos

1121 887 1283 935 merita
1306 886 1531 940 transfert,
1567 900 1669 948 quae
1705 882 1786 930 fibi
1814 891 1941 927 erant

1122 952 1289 1008 debita,
1322 951 1431 1000 286.
1472 966 1577 1013 erga
1611 948 1827 998 Cadufios
1856 946 1946 994 mi-

1123 1019 1301 1075 seratio,
1317 1023 1427 1079 287.
1452 1031 1528 1063 eos
1547 1016 1940 1070 consolatur,288‹

1125 1102 1286 1133 eorum
1324 1081 1497 1130 caedem
1538 1079 1781 1134 ulciscitur,
1829 1083 1940 1142 289.

1125 1150 1334 1215 agricolis
1358 1146 1633 1212 parcendum
1656 1145 1939 1208 censet,290.

1127 1217 1383 1282 equitatum
1406 1214 1633 1262 Persicum
1656 1224 1807 1272 auget,
1839 1226 1948 1274 292.

1125 1283 1409 1348 Babylonem
1428 1277 1575 1327 rursus
1592 1277 1700 1334 adit,
1717 1277 1823 1342 296.
1843 1293 1953 1339 pro⁴

1128 1367 1186 1414 pe
1220 1349 1276 1396 ad
1309 1346 1478 1395 moenia
1511 1343 1660 1407 copias
1684 1361 1777 1390 non
1800 1342 1945 1397 ducit,

1131 1420 1175 1464 δε
1198 1432 1293 1470 cur,
1328 1414 1433 1461 ibid.
1456 1417 1513 1468 ἐφ’
1525 1413 1621 1475 seq.
1655 1409 1946 1472 Affyr'mrum

1133 1482 1304 1530 castella
1322 1479 1456 1542 capit,
1479 1483 1586 1541 298.
1611 1476 1861 1540 Cyaxarem
1882 1490 1948 1520 ar-

1133 1548 1273 1603 ceffit,
1312 1562 1422 1610 299.
1460 1543 1502 1590 ei
1543 1543 1585 1590 se
1623 1554 1799 1604 purgat,
1837 1557 1950 1603 301.-

1131 1613 1267 1677 ipsius
1308 1610 1510 1674 querelas
1549 1607 1793 1668 abrumpit,
1836 1620 1945 1669 309.

1133 1695 1242 1726 cum
1276 1694 1334 1723 eo
1372 1674 1489 1721 redit
1523 1673 1572 1719 in
1605 1673 1809 1735 gratiam,
1836 1688 1946 1734 310.

1132 1743 1372 1789 delicatam
1412 1755 1588 1786 coenam
1626 1737 1808 1799 respuit,
1839 1753 1948 1799 311.

1134 1806 1476 1870 expeditionem
1521 1804 1618 1850 vult
1661 1801 1948 1856 continuari,

1136 1890 1246 1938 312.
1269 1873 1323 1919 ab
1347 1870 1561 1919 omnibus
1585 1868 1670 1916 suis
1692 1881 1877 1930 rogatur
1899 1879 1952 1913 ut

1132 1949 1330 1993 maneat,
1357 1953 1466 2000 314.
1492 1937 1688 1997 jocatur,
1712 1935 1815 1981 ibid.
1843 1949 1950 1980 cum

1134 2006 1338 2069 Cyaxare
1362 2003 1418 2049 de
1443 2001 1560 2048 bello
1580 2001 1817 2054 consultat,
1841 1998 1952 2062 316.

1129 2070 1403 2118 sententiam
1445 2067 1571 2122 dicit,
1613 2083 1721 2130 317,
1766 2068 1824 2117 {9²
1848 2067 1949 2128 seq.

1133 2138 1267 2185 castra
1288 2147 1485 2183 metatur
1507 2133 1557 2180 in
1578 2133 1684 2181 loco
1718 2131 1953 2178 saluberri-

1133 2221 1228 2259 mo,
1258 2219 1370 2265 321.
1404 2199 1571 2263 Assyrii
1606 2198 1840 2246 confilium
1880 2195 1952 2246 so-

1133 2270 1203 2317 lus
1226 2266 1458 2330 intelligit,
1485 2283 1589 2329 322.
1627 2281 1783 2311 currus
1807 2280 1952 2311 novos

1134 2334 1382 2396 excogitat,
1419 2332 1500 2379 usu
1522 2345 1728 2378 veter-um
1759 2331 1948 2385 sublato,

1134 2400 1238 2449 ibid.
1261 2403 1319 2453 ἐξ
1330 2403 1426 2465 fi'q·
1464 2398 1659 2445 camelos
1683 2407 1953 2458 congregat,

1138 2484 1247 2531 324.
1297 2476 1424 2513 curat
1467 2478 1518 2510 ut
1560 2462 1762 2524 AraspaS,
1807 2463 1951 2510 veluti

1137 2531 1393 2593 transfuga,
1457 2530 1684 2592 Assyrium
1741 2528 1952 2587 accedat,

1139 2605 1248 2664 328.
1283 2595 1558 2645 Abradatarn
1596 2592 1793 2656 benigne
1827 2593 1949 2640 exci-

1136 2666 1218 2729 pit,
1256 2680 1366 2727 331.
1418 2663 1655 2723 0&0juges
1693 2676 1849 2706 currus
1886 2659 1949 2704 fa-

1138 2732 1217 2787 cit,
1246 2747 1353 2793 332.
1381 2727 1436 2775 ab
1458 2727 1576 2774 Indo
1598 2725 1811 2789 pecunias
1832 2723 1947 2770 acci-

1137 2797 1221 2860 pit,
1269 2794 1490 2857 curatque
1525 2804 1576 2839 ut
1621 2789 1832 2839 nonnulli
1875 2805 1950 2836 eo-

1138 2879 1257 2916 rum,
1293 2860 1373 2924 qui
1395 2860 1489 2906 illas
1512 2856 1780 2910 adtulerant‚
1819 2855 1953 2917 Assya

1136 2927 1258 2974 rium
1298 2925 1459 2972 adeant
1501 2920 1758 2984 speculandi
1803 2920 1953 2972 causi,

1139 3007 1248 3055 333.
1293 2989 1645 3037 contentionem
1687 2987 1804 3032 inter
1841 2986 1950 3032 ami-

1138 3074 1216 3104 cos
1247 3055 1429 3111 excitat,
1461 3056 1552 3117 quo
1574 3052 1841 3100 strenuiores
1875 3051 1954 3097 fle«

1137 3135 1256 3178 rent,
1284 3137 1394 3185 334.
1419 3121 1504 3167 suis
1529 3132 1748 3166 terrorem
1773 3116 1951 3172 eximit,

1141 3205 1231 3252 337
1276 3188 1448 3252 &fhq-
1493 3185 1580 3232 suis
1612 3185 1768 3231 auctor
1799 3182 1863 3229 est
1899 3193 1955 3227 ut.

1140 3253 1340 3301 abstemii
1365 3253 1464 3306 sint,
1492 3267 1603 3313 342.
1635 3247 1846 3295 adversus
1868 3247 1953 3293 ho-

1140 3321 1223 3367 stes
1259 3319 1422 3382 pergit,
1462 3318 1570 3380 346.
1608 3314 1663 3360 ad
1684 3329 1881 3376 pugnam
1908 3311 1955 3357 se

1141 3397 1385 3448 comparat,
1407 3388 1540 3445 2348.
1585 3381 1786 3442 captivos
1824 3378 1952 3438 Assy-

1141 3452 1232 3498 rios
1271 3451 1534 3510 interrogat,
1580 3446 1682 3492 ibid.
1739 3443 1953 3504 Araspam

1141 3516 1410 3569 redeuntem
1460 3512 1658 3576 excipit,
1715 3525 1822 3576 35¹·
1877 3520 1957 3554 exn
